%YAML 1.1
%TAG !u! tag:unity3d.com,2011:
--- !u!29 &1
SceneSettings:
  m_ObjectHideFlags: 0
  m_PVSData: 
  m_PVSObjectsArray: []
  m_PVSPortalsArray: []
  m_OcclusionBakeSettings:
    smallestOccluder: 5
    smallestHole: 0.25
    backfaceThreshold: 100
--- !u!104 &2
RenderSettings:
  m_ObjectHideFlags: 0
  serializedVersion: 7
  m_Fog: 0
  m_FogColor: {r: 0.5, g: 0.5, b: 0.5, a: 1}
  m_FogMode: 3
  m_FogDensity: 0.01
  m_LinearFogStart: 0
  m_LinearFogEnd: 300
  m_AmbientSkyColor: {r: 0.212, g: 0.227, b: 0.259, a: 1}
  m_AmbientEquatorColor: {r: 0.114, g: 0.125, b: 0.133, a: 1}
  m_AmbientGroundColor: {r: 0.047, g: 0.043, b: 0.035, a: 1}
  m_AmbientIntensity: 1
  m_AmbientMode: 0
  m_SkyboxMaterial: {fileID: 10304, guid: 0000000000000000f000000000000000, type: 0}
  m_HaloStrength: 0.5
  m_FlareStrength: 1
  m_FlareFadeSpeed: 3
  m_HaloTexture: {fileID: 0}
  m_SpotCookie: {fileID: 10001, guid: 0000000000000000e000000000000000, type: 0}
  m_DefaultReflectionMode: 0
  m_DefaultReflectionResolution: 128
  m_ReflectionBounces: 1
  m_ReflectionIntensity: 1
  m_CustomReflection: {fileID: 0}
  m_Sun: {fileID: 0}
  m_IndirectSpecularColor: {r: 0.44692534, g: 0.49678725, b: 0.5750856, a: 1}
--- !u!157 &3
LightmapSettings:
  m_ObjectHideFlags: 0
  serializedVersion: 7
  m_GIWorkflowMode: 0
  m_GISettings:
    serializedVersion: 2
    m_BounceScale: 1
    m_IndirectOutputScale: 1
    m_AlbedoBoost: 1
    m_TemporalCoherenceThreshold: 1
    m_EnvironmentLightingMode: 0
    m_EnableBakedLightmaps: 1
    m_EnableRealtimeLightmaps: 1
  m_LightmapEditorSettings:
    serializedVersion: 4
    m_Resolution: 2
    m_BakeResolution: 40
    m_TextureWidth: 1024
    m_TextureHeight: 1024
    m_AO: 0
    m_AOMaxDistance: 1
    m_CompAOExponent: 1
    m_CompAOExponentDirect: 0
    m_Padding: 2
    m_LightmapParameters: {fileID: 0}
    m_LightmapsBakeMode: 1
    m_TextureCompression: 1
    m_DirectLightInLightProbes: 1
    m_FinalGather: 0
    m_FinalGatherFiltering: 1
    m_FinalGatherRayCount: 256
    m_ReflectionCompression: 2
  m_LightingDataAsset: {fileID: 0}
  m_RuntimeCPUUsage: 25
--- !u!196 &4
NavMeshSettings:
  serializedVersion: 2
  m_ObjectHideFlags: 0
  m_BuildSettings:
    serializedVersion: 2
    agentRadius: 0.5
    agentHeight: 2
    agentSlope: 45
    agentClimb: 0.4
    ledgeDropHeight: 0
    maxJumpAcrossDistance: 0
    accuratePlacement: 0
    minRegionArea: 2
    cellSize: 0.16666667
    manualCellSize: 0
  m_NavMeshData: {fileID: 0}
--- !u!1001 &28874161
Prefab:
  m_ObjectHideFlags: 0
  serializedVersion: 2
  m_Modification:
    m_TransformParent: {fileID: 0}
    m_Modifications:
    - target: {fileID: 4000013254648620, guid: 305eb3b8aecd74e2dbe4205a4b70077c, type: 2}
      propertyPath: m_LocalPosition.x
      value: 242.88
      objectReference: {fileID: 0}
    - target: {fileID: 4000013254648620, guid: 305eb3b8aecd74e2dbe4205a4b70077c, type: 2}
      propertyPath: m_LocalPosition.y
      value: 3.1
      objectReference: {fileID: 0}
    - target: {fileID: 4000013254648620, guid: 305eb3b8aecd74e2dbe4205a4b70077c, type: 2}
      propertyPath: m_LocalPosition.z
      value: 72
      objectReference: {fileID: 0}
    - target: {fileID: 4000013254648620, guid: 305eb3b8aecd74e2dbe4205a4b70077c, type: 2}
      propertyPath: m_LocalRotation.x
      value: -0
      objectReference: {fileID: 0}
    - target: {fileID: 4000013254648620, guid: 305eb3b8aecd74e2dbe4205a4b70077c, type: 2}
      propertyPath: m_LocalRotation.y
      value: -0
      objectReference: {fileID: 0}
    - target: {fileID: 4000013254648620, guid: 305eb3b8aecd74e2dbe4205a4b70077c, type: 2}
      propertyPath: m_LocalRotation.z
      value: -0
      objectReference: {fileID: 0}
    - target: {fileID: 4000013254648620, guid: 305eb3b8aecd74e2dbe4205a4b70077c, type: 2}
      propertyPath: m_LocalRotation.w
      value: 1
      objectReference: {fileID: 0}
    - target: {fileID: 4000013254648620, guid: 305eb3b8aecd74e2dbe4205a4b70077c, type: 2}
      propertyPath: m_RootOrder
      value: 9
      objectReference: {fileID: 0}
    m_RemovedComponents: []
  m_ParentPrefab: {fileID: 100100000, guid: 305eb3b8aecd74e2dbe4205a4b70077c, type: 2}
  m_IsPrefabParent: 0
--- !u!1001 &46380563
Prefab:
  m_ObjectHideFlags: 0
  serializedVersion: 2
  m_Modification:
    m_TransformParent: {fileID: 0}
    m_Modifications:
    - target: {fileID: 4000010494274150, guid: cbb1c6f513b2c43c6b0194977f83594e, type: 2}
      propertyPath: m_LocalPosition.x
      value: 214.7
      objectReference: {fileID: 0}
    - target: {fileID: 4000010494274150, guid: cbb1c6f513b2c43c6b0194977f83594e, type: 2}
      propertyPath: m_LocalPosition.y
      value: 20.52
      objectReference: {fileID: 0}
    - target: {fileID: 4000010494274150, guid: cbb1c6f513b2c43c6b0194977f83594e, type: 2}
      propertyPath: m_LocalPosition.z
      value: 705.9422
      objectReference: {fileID: 0}
    - target: {fileID: 4000010494274150, guid: cbb1c6f513b2c43c6b0194977f83594e, type: 2}
      propertyPath: m_LocalRotation.x
      value: -0
      objectReference: {fileID: 0}
    - target: {fileID: 4000010494274150, guid: cbb1c6f513b2c43c6b0194977f83594e, type: 2}
      propertyPath: m_LocalRotation.y
      value: -0
      objectReference: {fileID: 0}
    - target: {fileID: 4000010494274150, guid: cbb1c6f513b2c43c6b0194977f83594e, type: 2}
      propertyPath: m_LocalRotation.z
      value: -0
      objectReference: {fileID: 0}
    - target: {fileID: 4000010494274150, guid: cbb1c6f513b2c43c6b0194977f83594e, type: 2}
      propertyPath: m_LocalRotation.w
      value: 1
      objectReference: {fileID: 0}
    - target: {fileID: 4000010494274150, guid: cbb1c6f513b2c43c6b0194977f83594e, type: 2}
      propertyPath: m_RootOrder
      value: 1
      objectReference: {fileID: 0}
    - target: {fileID: 1000010645089048, guid: cbb1c6f513b2c43c6b0194977f83594e, type: 2}
      propertyPath: m_Name
      value: energyPickUp_3 (4)
      objectReference: {fileID: 0}
    m_RemovedComponents: []
  m_ParentPrefab: {fileID: 100100000, guid: cbb1c6f513b2c43c6b0194977f83594e, type: 2}
  m_IsPrefabParent: 0
--- !u!1 &71985829 stripped
GameObject:
  m_PrefabParentObject: {fileID: 1000010604937030, guid: 8b15f2ee3ccb64dd1b9a7186fdb5b5da,
    type: 2}
  m_PrefabInternal: {fileID: 539757347}
--- !u!4 &71985833 stripped
Transform:
  m_PrefabParentObject: {fileID: 4000013840153002, guid: 8b15f2ee3ccb64dd1b9a7186fdb5b5da,
    type: 2}
  m_PrefabInternal: {fileID: 539757347}
--- !u!135 &71985834
SphereCollider:
  m_ObjectHideFlags: 0
  m_PrefabParentObject: {fileID: 0}
  m_PrefabInternal: {fileID: 0}
  m_GameObject: {fileID: 71985829}
  m_Material: {fileID: 0}
  m_IsTrigger: 1
  m_Enabled: 1
  serializedVersion: 2
  m_Radius: 0.5
  m_Center: {x: 0, y: 0, z: 0}
--- !u!1001 &153359885
Prefab:
  m_ObjectHideFlags: 0
  serializedVersion: 2
  m_Modification:
    m_TransformParent: {fileID: 0}
    m_Modifications:
    - target: {fileID: 4000010494274150, guid: cbb1c6f513b2c43c6b0194977f83594e, type: 2}
      propertyPath: m_LocalPosition.x
      value: 386.76
      objectReference: {fileID: 0}
    - target: {fileID: 4000010494274150, guid: cbb1c6f513b2c43c6b0194977f83594e, type: 2}
      propertyPath: m_LocalPosition.y
      value: 20
      objectReference: {fileID: 0}
    - target: {fileID: 4000010494274150, guid: cbb1c6f513b2c43c6b0194977f83594e, type: 2}
      propertyPath: m_LocalPosition.z
      value: 576.8
      objectReference: {fileID: 0}
    - target: {fileID: 4000010494274150, guid: cbb1c6f513b2c43c6b0194977f83594e, type: 2}
      propertyPath: m_LocalRotation.x
      value: -0
      objectReference: {fileID: 0}
    - target: {fileID: 4000010494274150, guid: cbb1c6f513b2c43c6b0194977f83594e, type: 2}
      propertyPath: m_LocalRotation.y
      value: -0
      objectReference: {fileID: 0}
    - target: {fileID: 4000010494274150, guid: cbb1c6f513b2c43c6b0194977f83594e, type: 2}
      propertyPath: m_LocalRotation.z
      value: -0
      objectReference: {fileID: 0}
    - target: {fileID: 4000010494274150, guid: cbb1c6f513b2c43c6b0194977f83594e, type: 2}
      propertyPath: m_LocalRotation.w
      value: 1
      objectReference: {fileID: 0}
    - target: {fileID: 4000010494274150, guid: cbb1c6f513b2c43c6b0194977f83594e, type: 2}
      propertyPath: m_RootOrder
      value: 4
      objectReference: {fileID: 0}
    - target: {fileID: 1000010645089048, guid: cbb1c6f513b2c43c6b0194977f83594e, type: 2}
      propertyPath: m_Name
      value: energyPickUp_3 (1)
      objectReference: {fileID: 0}
    m_RemovedComponents: []
  m_ParentPrefab: {fileID: 100100000, guid: cbb1c6f513b2c43c6b0194977f83594e, type: 2}
  m_IsPrefabParent: 0
--- !u!1001 &170266569
Prefab:
  m_ObjectHideFlags: 0
  serializedVersion: 2
  m_Modification:
    m_TransformParent: {fileID: 0}
    m_Modifications:
    - target: {fileID: 4000013254648620, guid: 305eb3b8aecd74e2dbe4205a4b70077c, type: 2}
      propertyPath: m_LocalPosition.x
      value: 74.053925
      objectReference: {fileID: 0}
    - target: {fileID: 4000013254648620, guid: 305eb3b8aecd74e2dbe4205a4b70077c, type: 2}
      propertyPath: m_LocalPosition.y
      value: 19.35
      objectReference: {fileID: 0}
    - target: {fileID: 4000013254648620, guid: 305eb3b8aecd74e2dbe4205a4b70077c, type: 2}
      propertyPath: m_LocalPosition.z
      value: 408.02
      objectReference: {fileID: 0}
    - target: {fileID: 4000013254648620, guid: 305eb3b8aecd74e2dbe4205a4b70077c, type: 2}
      propertyPath: m_LocalRotation.x
      value: -0
      objectReference: {fileID: 0}
    - target: {fileID: 4000013254648620, guid: 305eb3b8aecd74e2dbe4205a4b70077c, type: 2}
      propertyPath: m_LocalRotation.y
      value: -0
      objectReference: {fileID: 0}
    - target: {fileID: 4000013254648620, guid: 305eb3b8aecd74e2dbe4205a4b70077c, type: 2}
      propertyPath: m_LocalRotation.z
      value: -0
      objectReference: {fileID: 0}
    - target: {fileID: 4000013254648620, guid: 305eb3b8aecd74e2dbe4205a4b70077c, type: 2}
      propertyPath: m_LocalRotation.w
      value: 1
      objectReference: {fileID: 0}
    - target: {fileID: 4000013254648620, guid: 305eb3b8aecd74e2dbe4205a4b70077c, type: 2}
      propertyPath: m_RootOrder
      value: 12
      objectReference: {fileID: 0}
    - target: {fileID: 1000013813148552, guid: 305eb3b8aecd74e2dbe4205a4b70077c, type: 2}
      propertyPath: m_Name
      value: energyPickUp_1 (3)
      objectReference: {fileID: 0}
    m_RemovedComponents: []
  m_ParentPrefab: {fileID: 100100000, guid: 305eb3b8aecd74e2dbe4205a4b70077c, type: 2}
  m_IsPrefabParent: 0
--- !u!1001 &204931734
Prefab:
  m_ObjectHideFlags: 0
  serializedVersion: 2
  m_Modification:
    m_TransformParent: {fileID: 0}
    m_Modifications:
    - target: {fileID: 4000010709491052, guid: f2bc4fb24e1a0468a8f74cdb967ec941, type: 2}
      propertyPath: m_LocalPosition.x
      value: 160.2
      objectReference: {fileID: 0}
    - target: {fileID: 4000010709491052, guid: f2bc4fb24e1a0468a8f74cdb967ec941, type: 2}
      propertyPath: m_LocalPosition.y
      value: 20.7
      objectReference: {fileID: 0}
    - target: {fileID: 4000010709491052, guid: f2bc4fb24e1a0468a8f74cdb967ec941, type: 2}
      propertyPath: m_LocalPosition.z
      value: 175.36
      objectReference: {fileID: 0}
    - target: {fileID: 4000010709491052, guid: f2bc4fb24e1a0468a8f74cdb967ec941, type: 2}
      propertyPath: m_LocalRotation.x
      value: -0
      objectReference: {fileID: 0}
    - target: {fileID: 4000010709491052, guid: f2bc4fb24e1a0468a8f74cdb967ec941, type: 2}
      propertyPath: m_LocalRotation.y
      value: -0
      objectReference: {fileID: 0}
    - target: {fileID: 4000010709491052, guid: f2bc4fb24e1a0468a8f74cdb967ec941, type: 2}
      propertyPath: m_LocalRotation.z
      value: -0
      objectReference: {fileID: 0}
    - target: {fileID: 4000010709491052, guid: f2bc4fb24e1a0468a8f74cdb967ec941, type: 2}
      propertyPath: m_LocalRotation.w
      value: 1
      objectReference: {fileID: 0}
    - target: {fileID: 4000010709491052, guid: f2bc4fb24e1a0468a8f74cdb967ec941, type: 2}
      propertyPath: m_RootOrder
      value: 15
      objectReference: {fileID: 0}
    - target: {fileID: 1000010793340882, guid: f2bc4fb24e1a0468a8f74cdb967ec941, type: 2}
      propertyPath: m_Name
      value: energyPickUp_2 (1)
      objectReference: {fileID: 0}
    m_RemovedComponents: []
  m_ParentPrefab: {fileID: 100100000, guid: f2bc4fb24e1a0468a8f74cdb967ec941, type: 2}
  m_IsPrefabParent: 0
--- !u!1 &315293636
GameObject:
  m_ObjectHideFlags: 0
  m_PrefabParentObject: {fileID: 0}
  m_PrefabInternal: {fileID: 0}
  serializedVersion: 4
  m_Component:
  - 4: {fileID: 315293638}
  - 108: {fileID: 315293637}
  m_Layer: 0
  m_Name: Directional Light
  m_TagString: Untagged
  m_Icon: {fileID: 0}
  m_NavMeshLayer: 0
  m_StaticEditorFlags: 0
  m_IsActive: 1
--- !u!108 &315293637
Light:
  m_ObjectHideFlags: 0
  m_PrefabParentObject: {fileID: 0}
  m_PrefabInternal: {fileID: 0}
  m_GameObject: {fileID: 315293636}
  m_Enabled: 1
  serializedVersion: 7
  m_Type: 1
  m_Color: {r: 1, g: 0.95686275, b: 0.8392157, a: 1}
  m_Intensity: 1
  m_Range: 10
  m_SpotAngle: 30
  m_CookieSize: 10
  m_Shadows:
    m_Type: 2
    m_Resolution: -1
    m_CustomResolution: -1
    m_Strength: 1
    m_Bias: 0.05
    m_NormalBias: 0.4
    m_NearPlane: 0.2
  m_Cookie: {fileID: 0}
  m_DrawHalo: 0
  m_Flare: {fileID: 0}
  m_RenderMode: 0
  m_CullingMask:
    serializedVersion: 2
    m_Bits: 4294967295
  m_Lightmapping: 4
  m_AreaSize: {x: 1, y: 1}
  m_BounceIntensity: 1
  m_ShadowRadius: 0
  m_ShadowAngle: 0
--- !u!4 &315293638
Transform:
  m_ObjectHideFlags: 0
  m_PrefabParentObject: {fileID: 0}
  m_PrefabInternal: {fileID: 0}
  m_GameObject: {fileID: 315293636}
  m_LocalRotation: {x: 0.40821788, y: -0.23456968, z: 0.10938163, w: 0.8754261}
  m_LocalPosition: {x: 0, y: 3, z: 0}
  m_LocalScale: {x: 1, y: 1, z: 1}
  m_LocalEulerAnglesHint: {x: 50, y: -30, z: 0}
  m_Children: []
  m_Father: {fileID: 0}
  m_RootOrder: 7
--- !u!1001 &477104052
Prefab:
  m_ObjectHideFlags: 0
  serializedVersion: 2
  m_Modification:
    m_TransformParent: {fileID: 0}
    m_Modifications:
    - target: {fileID: 4000010709491052, guid: f2bc4fb24e1a0468a8f74cdb967ec941, type: 2}
      propertyPath: m_LocalPosition.x
      value: 433.9
      objectReference: {fileID: 0}
    - target: {fileID: 4000010709491052, guid: f2bc4fb24e1a0468a8f74cdb967ec941, type: 2}
      propertyPath: m_LocalPosition.y
      value: 20
      objectReference: {fileID: 0}
    - target: {fileID: 4000010709491052, guid: f2bc4fb24e1a0468a8f74cdb967ec941, type: 2}
      propertyPath: m_LocalPosition.z
      value: 121
      objectReference: {fileID: 0}
    - target: {fileID: 4000010709491052, guid: f2bc4fb24e1a0468a8f74cdb967ec941, type: 2}
      propertyPath: m_LocalRotation.x
      value: -0
      objectReference: {fileID: 0}
    - target: {fileID: 4000010709491052, guid: f2bc4fb24e1a0468a8f74cdb967ec941, type: 2}
      propertyPath: m_LocalRotation.y
      value: -0
      objectReference: {fileID: 0}
    - target: {fileID: 4000010709491052, guid: f2bc4fb24e1a0468a8f74cdb967ec941, type: 2}
      propertyPath: m_LocalRotation.z
      value: -0
      objectReference: {fileID: 0}
    - target: {fileID: 4000010709491052, guid: f2bc4fb24e1a0468a8f74cdb967ec941, type: 2}
      propertyPath: m_LocalRotation.w
      value: 1
      objectReference: {fileID: 0}
    - target: {fileID: 4000010709491052, guid: f2bc4fb24e1a0468a8f74cdb967ec941, type: 2}
      propertyPath: m_RootOrder
      value: 14
      objectReference: {fileID: 0}
    m_RemovedComponents: []
  m_ParentPrefab: {fileID: 100100000, guid: f2bc4fb24e1a0468a8f74cdb967ec941, type: 2}
  m_IsPrefabParent: 0
--- !u!1 &502745554
GameObject:
  m_ObjectHideFlags: 0
  m_PrefabParentObject: {fileID: 0}
  m_PrefabInternal: {fileID: 0}
  serializedVersion: 4
  m_Component:
  - 4: {fileID: 502745555}
  - 108: {fileID: 502745556}
  m_Layer: 0
  m_Name: Point light
  m_TagString: Untagged
  m_Icon: {fileID: 0}
  m_NavMeshLayer: 0
  m_StaticEditorFlags: 0
  m_IsActive: 1
--- !u!4 &502745555
Transform:
  m_ObjectHideFlags: 0
  m_PrefabParentObject: {fileID: 0}
  m_PrefabInternal: {fileID: 0}
  m_GameObject: {fileID: 502745554}
  m_LocalRotation: {x: 0, y: 0, z: 0, w: 1}
  m_LocalPosition: {x: 0, y: 0, z: 0}
  m_LocalScale: {x: 1, y: 1, z: 1}
  m_LocalEulerAnglesHint: {x: 0, y: 0, z: 0}
  m_Children: []
  m_Father: {fileID: 71985833}
  m_RootOrder: 11
--- !u!108 &502745556
Light:
  m_ObjectHideFlags: 0
  m_PrefabParentObject: {fileID: 0}
  m_PrefabInternal: {fileID: 0}
  m_GameObject: {fileID: 502745554}
  m_Enabled: 1
  serializedVersion: 7
  m_Type: 2
  m_Color: {r: 0.058391016, g: 0.39705884, b: 0.07474052, a: 1}
  m_Intensity: 8
  m_Range: 15
  m_SpotAngle: 30
  m_CookieSize: 10
  m_Shadows:
    m_Type: 0
    m_Resolution: -1
    m_CustomResolution: -1
    m_Strength: 1
    m_Bias: 0.05
    m_NormalBias: 0.4
    m_NearPlane: 0.2
  m_Cookie: {fileID: 0}
  m_DrawHalo: 1
  m_Flare: {fileID: 0}
  m_RenderMode: 0
  m_CullingMask:
    serializedVersion: 2
    m_Bits: 4294967295
  m_Lightmapping: 4
  m_AreaSize: {x: 1, y: 1}
  m_BounceIntensity: 0
  m_ShadowRadius: 0
  m_ShadowAngle: 0
--- !u!1001 &539757347
Prefab:
  m_ObjectHideFlags: 0
  serializedVersion: 2
  m_Modification:
    m_TransformParent: {fileID: 0}
    m_Modifications:
    - target: {fileID: 4000013840153002, guid: 8b15f2ee3ccb64dd1b9a7186fdb5b5da, type: 2}
      propertyPath: m_LocalPosition.x
      value: 209.01083
      objectReference: {fileID: 0}
    - target: {fileID: 4000013840153002, guid: 8b15f2ee3ccb64dd1b9a7186fdb5b5da, type: 2}
      propertyPath: m_LocalPosition.y
      value: 23.38
      objectReference: {fileID: 0}
    - target: {fileID: 4000013840153002, guid: 8b15f2ee3ccb64dd1b9a7186fdb5b5da, type: 2}
      propertyPath: m_LocalPosition.z
      value: 229.61694
      objectReference: {fileID: 0}
    - target: {fileID: 4000013840153002, guid: 8b15f2ee3ccb64dd1b9a7186fdb5b5da, type: 2}
      propertyPath: m_LocalRotation.x
      value: -0
      objectReference: {fileID: 0}
    - target: {fileID: 4000013840153002, guid: 8b15f2ee3ccb64dd1b9a7186fdb5b5da, type: 2}
      propertyPath: m_LocalRotation.y
      value: 0.6224888
      objectReference: {fileID: 0}
    - target: {fileID: 4000013840153002, guid: 8b15f2ee3ccb64dd1b9a7186fdb5b5da, type: 2}
      propertyPath: m_LocalRotation.z
      value: -0
      objectReference: {fileID: 0}
    - target: {fileID: 4000013840153002, guid: 8b15f2ee3ccb64dd1b9a7186fdb5b5da, type: 2}
      propertyPath: m_LocalRotation.w
      value: 0.7826288
      objectReference: {fileID: 0}
    - target: {fileID: 4000013840153002, guid: 8b15f2ee3ccb64dd1b9a7186fdb5b5da, type: 2}
      propertyPath: m_RootOrder
      value: 8
      objectReference: {fileID: 0}
    - target: {fileID: 1000010604937030, guid: 8b15f2ee3ccb64dd1b9a7186fdb5b5da, type: 2}
      propertyPath: m_Name
      value: Shield
      objectReference: {fileID: 0}
    - target: {fileID: 4000013840153002, guid: 8b15f2ee3ccb64dd1b9a7186fdb5b5da, type: 2}
      propertyPath: m_LocalScale.x
      value: 1
      objectReference: {fileID: 0}
    - target: {fileID: 4000013840153002, guid: 8b15f2ee3ccb64dd1b9a7186fdb5b5da, type: 2}
      propertyPath: m_LocalScale.z
      value: 1
      objectReference: {fileID: 0}
    - target: {fileID: 122000012864573758, guid: 8b15f2ee3ccb64dd1b9a7186fdb5b5da,
        type: 2}
      propertyPath: m_Color.rgba
      value: 4282444817
      objectReference: {fileID: 0}
    - target: {fileID: 122000012864573758, guid: 8b15f2ee3ccb64dd1b9a7186fdb5b5da,
        type: 2}
      propertyPath: m_Enabled
      value: 1
      objectReference: {fileID: 0}
    m_RemovedComponents: []
  m_ParentPrefab: {fileID: 100100000, guid: 8b15f2ee3ccb64dd1b9a7186fdb5b5da, type: 2}
  m_IsPrefabParent: 0
--- !u!1001 &576746108
Prefab:
  m_ObjectHideFlags: 0
  serializedVersion: 2
  m_Modification:
    m_TransformParent: {fileID: 0}
    m_Modifications:
    - target: {fileID: 4000013254648620, guid: 305eb3b8aecd74e2dbe4205a4b70077c, type: 2}
      propertyPath: m_LocalPosition.x
      value: 352.8
      objectReference: {fileID: 0}
    - target: {fileID: 4000013254648620, guid: 305eb3b8aecd74e2dbe4205a4b70077c, type: 2}
      propertyPath: m_LocalPosition.y
      value: 3.1
      objectReference: {fileID: 0}
    - target: {fileID: 4000013254648620, guid: 305eb3b8aecd74e2dbe4205a4b70077c, type: 2}
      propertyPath: m_LocalPosition.z
      value: 253.3
      objectReference: {fileID: 0}
    - target: {fileID: 4000013254648620, guid: 305eb3b8aecd74e2dbe4205a4b70077c, type: 2}
      propertyPath: m_LocalRotation.x
      value: -0
      objectReference: {fileID: 0}
    - target: {fileID: 4000013254648620, guid: 305eb3b8aecd74e2dbe4205a4b70077c, type: 2}
      propertyPath: m_LocalRotation.y
      value: -0
      objectReference: {fileID: 0}
    - target: {fileID: 4000013254648620, guid: 305eb3b8aecd74e2dbe4205a4b70077c, type: 2}
      propertyPath: m_LocalRotation.z
      value: -0
      objectReference: {fileID: 0}
    - target: {fileID: 4000013254648620, guid: 305eb3b8aecd74e2dbe4205a4b70077c, type: 2}
      propertyPath: m_LocalRotation.w
      value: 1
      objectReference: {fileID: 0}
    - target: {fileID: 4000013254648620, guid: 305eb3b8aecd74e2dbe4205a4b70077c, type: 2}
      propertyPath: m_RootOrder
      value: 10
      objectReference: {fileID: 0}
    - target: {fileID: 1000013813148552, guid: 305eb3b8aecd74e2dbe4205a4b70077c, type: 2}
      propertyPath: m_Name
      value: energyPickUp_1 (1)
      objectReference: {fileID: 0}
    m_RemovedComponents: []
  m_ParentPrefab: {fileID: 100100000, guid: 305eb3b8aecd74e2dbe4205a4b70077c, type: 2}
  m_IsPrefabParent: 0
--- !u!1001 &632963589
Prefab:
  m_ObjectHideFlags: 0
  serializedVersion: 2
  m_Modification:
    m_TransformParent: {fileID: 0}
    m_Modifications:
    - target: {fileID: 4000010709491052, guid: f2bc4fb24e1a0468a8f74cdb967ec941, type: 2}
      propertyPath: m_LocalPosition.x
      value: 670.9
      objectReference: {fileID: 0}
    - target: {fileID: 4000010709491052, guid: f2bc4fb24e1a0468a8f74cdb967ec941, type: 2}
      propertyPath: m_LocalPosition.y
      value: 20.7
      objectReference: {fileID: 0}
    - target: {fileID: 4000010709491052, guid: f2bc4fb24e1a0468a8f74cdb967ec941, type: 2}
      propertyPath: m_LocalPosition.z
      value: 113.4
      objectReference: {fileID: 0}
    - target: {fileID: 4000010709491052, guid: f2bc4fb24e1a0468a8f74cdb967ec941, type: 2}
      propertyPath: m_LocalRotation.x
      value: -0
      objectReference: {fileID: 0}
    - target: {fileID: 4000010709491052, guid: f2bc4fb24e1a0468a8f74cdb967ec941, type: 2}
      propertyPath: m_LocalRotation.y
      value: -0
      objectReference: {fileID: 0}
    - target: {fileID: 4000010709491052, guid: f2bc4fb24e1a0468a8f74cdb967ec941, type: 2}
      propertyPath: m_LocalRotation.z
      value: -0
      objectReference: {fileID: 0}
    - target: {fileID: 4000010709491052, guid: f2bc4fb24e1a0468a8f74cdb967ec941, type: 2}
      propertyPath: m_LocalRotation.w
      value: 1
      objectReference: {fileID: 0}
    - target: {fileID: 4000010709491052, guid: f2bc4fb24e1a0468a8f74cdb967ec941, type: 2}
      propertyPath: m_RootOrder
      value: 16
      objectReference: {fileID: 0}
    - target: {fileID: 1000010793340882, guid: f2bc4fb24e1a0468a8f74cdb967ec941, type: 2}
      propertyPath: m_Name
      value: energyPickUp_2 (2)
      objectReference: {fileID: 0}
    m_RemovedComponents: []
  m_ParentPrefab: {fileID: 100100000, guid: f2bc4fb24e1a0468a8f74cdb967ec941, type: 2}
  m_IsPrefabParent: 0
--- !u!1001 &678848199
Prefab:
  m_ObjectHideFlags: 0
  serializedVersion: 2
  m_Modification:
    m_TransformParent: {fileID: 0}
    m_Modifications:
    - target: {fileID: 4000010494274150, guid: cbb1c6f513b2c43c6b0194977f83594e, type: 2}
      propertyPath: m_LocalPosition.x
      value: 100.62933
      objectReference: {fileID: 0}
    - target: {fileID: 4000010494274150, guid: cbb1c6f513b2c43c6b0194977f83594e, type: 2}
      propertyPath: m_LocalPosition.y
      value: 20.15
      objectReference: {fileID: 0}
    - target: {fileID: 4000010494274150, guid: cbb1c6f513b2c43c6b0194977f83594e, type: 2}
      propertyPath: m_LocalPosition.z
      value: 391.3771
      objectReference: {fileID: 0}
    - target: {fileID: 4000010494274150, guid: cbb1c6f513b2c43c6b0194977f83594e, type: 2}
      propertyPath: m_LocalRotation.x
      value: -0
      objectReference: {fileID: 0}
    - target: {fileID: 4000010494274150, guid: cbb1c6f513b2c43c6b0194977f83594e, type: 2}
      propertyPath: m_LocalRotation.y
      value: -0
      objectReference: {fileID: 0}
    - target: {fileID: 4000010494274150, guid: cbb1c6f513b2c43c6b0194977f83594e, type: 2}
      propertyPath: m_LocalRotation.z
      value: -0
      objectReference: {fileID: 0}
    - target: {fileID: 4000010494274150, guid: cbb1c6f513b2c43c6b0194977f83594e, type: 2}
      propertyPath: m_LocalRotation.w
      value: 1
      objectReference: {fileID: 0}
    - target: {fileID: 4000010494274150, guid: cbb1c6f513b2c43c6b0194977f83594e, type: 2}
      propertyPath: m_RootOrder
      value: 3
      objectReference: {fileID: 0}
    - target: {fileID: 1000010645089048, guid: cbb1c6f513b2c43c6b0194977f83594e, type: 2}
      propertyPath: m_Name
      value: energyPickUp_3 (2)
      objectReference: {fileID: 0}
    m_RemovedComponents: []
  m_ParentPrefab: {fileID: 100100000, guid: cbb1c6f513b2c43c6b0194977f83594e, type: 2}
  m_IsPrefabParent: 0
--- !u!1 &736174905
GameObject:
  m_ObjectHideFlags: 0
  m_PrefabParentObject: {fileID: 0}
  m_PrefabInternal: {fileID: 0}
  serializedVersion: 4
  m_Component:
  - 4: {fileID: 736174910}
  - 20: {fileID: 736174909}
  - 92: {fileID: 736174908}
  - 124: {fileID: 736174907}
  - 81: {fileID: 736174906}
  m_Layer: 0
  m_Name: Main Camera
  m_TagString: MainCamera
  m_Icon: {fileID: 0}
  m_NavMeshLayer: 0
  m_StaticEditorFlags: 0
  m_IsActive: 1
--- !u!81 &736174906
AudioListener:
  m_ObjectHideFlags: 0
  m_PrefabParentObject: {fileID: 0}
  m_PrefabInternal: {fileID: 0}
  m_GameObject: {fileID: 736174905}
  m_Enabled: 1
--- !u!124 &736174907
Behaviour:
  m_ObjectHideFlags: 0
  m_PrefabParentObject: {fileID: 0}
  m_PrefabInternal: {fileID: 0}
  m_GameObject: {fileID: 736174905}
  m_Enabled: 1
--- !u!92 &736174908
Behaviour:
  m_ObjectHideFlags: 0
  m_PrefabParentObject: {fileID: 0}
  m_PrefabInternal: {fileID: 0}
  m_GameObject: {fileID: 736174905}
  m_Enabled: 1
--- !u!20 &736174909
Camera:
  m_ObjectHideFlags: 0
  m_PrefabParentObject: {fileID: 0}
  m_PrefabInternal: {fileID: 0}
  m_GameObject: {fileID: 736174905}
  m_Enabled: 1
  serializedVersion: 2
  m_ClearFlags: 1
  m_BackGroundColor: {r: 0.19215687, g: 0.3019608, b: 0.4745098, a: 0}
  m_NormalizedViewPortRect:
    serializedVersion: 2
    x: 0
    y: 0
    width: 1
    height: 1
  near clip plane: 0.3
  far clip plane: 1000
  field of view: 60
  orthographic: 0
  orthographic size: 5
  m_Depth: -1
  m_CullingMask:
    serializedVersion: 2
    m_Bits: 4294967295
  m_RenderingPath: -1
  m_TargetTexture: {fileID: 0}
  m_TargetDisplay: 0
  m_TargetEye: 3
  m_HDR: 0
  m_OcclusionCulling: 1
  m_StereoConvergence: 10
  m_StereoSeparation: 0.022
  m_StereoMirrorMode: 0
--- !u!4 &736174910
Transform:
  m_ObjectHideFlags: 0
  m_PrefabParentObject: {fileID: 0}
  m_PrefabInternal: {fileID: 0}
  m_GameObject: {fileID: 736174905}
  m_LocalRotation: {x: 0, y: 0, z: 0, w: 1}
  m_LocalPosition: {x: 0, y: 1, z: -10}
  m_LocalScale: {x: 1, y: 1, z: 1}
  m_LocalEulerAnglesHint: {x: 0, y: 0, z: 0}
  m_Children: []
  m_Father: {fileID: 0}
  m_RootOrder: 6
--- !u!1001 &738085944
Prefab:
  m_ObjectHideFlags: 0
  serializedVersion: 2
  m_Modification:
    m_TransformParent: {fileID: 0}
    m_Modifications:
    - target: {fileID: 4000010494274150, guid: cbb1c6f513b2c43c6b0194977f83594e, type: 2}
      propertyPath: m_LocalPosition.x
      value: 331.7
      objectReference: {fileID: 0}
    - target: {fileID: 4000010494274150, guid: cbb1c6f513b2c43c6b0194977f83594e, type: 2}
      propertyPath: m_LocalPosition.y
      value: 21.1
      objectReference: {fileID: 0}
    - target: {fileID: 4000010494274150, guid: cbb1c6f513b2c43c6b0194977f83594e, type: 2}
      propertyPath: m_LocalPosition.z
      value: 803
      objectReference: {fileID: 0}
    - target: {fileID: 4000010494274150, guid: cbb1c6f513b2c43c6b0194977f83594e, type: 2}
      propertyPath: m_LocalRotation.x
      value: -0
      objectReference: {fileID: 0}
    - target: {fileID: 4000010494274150, guid: cbb1c6f513b2c43c6b0194977f83594e, type: 2}
      propertyPath: m_LocalRotation.y
      value: -0
      objectReference: {fileID: 0}
    - target: {fileID: 4000010494274150, guid: cbb1c6f513b2c43c6b0194977f83594e, type: 2}
      propertyPath: m_LocalRotation.z
      value: -0
      objectReference: {fileID: 0}
    - target: {fileID: 4000010494274150, guid: cbb1c6f513b2c43c6b0194977f83594e, type: 2}
      propertyPath: m_LocalRotation.w
      value: 1
      objectReference: {fileID: 0}
    - target: {fileID: 4000010494274150, guid: cbb1c6f513b2c43c6b0194977f83594e, type: 2}
      propertyPath: m_RootOrder
      value: 0
      objectReference: {fileID: 0}
    - target: {fileID: 1000010645089048, guid: cbb1c6f513b2c43c6b0194977f83594e, type: 2}
      propertyPath: m_Name
      value: energyPickUp_3 (5)
      objectReference: {fileID: 0}
    m_RemovedComponents: []
  m_ParentPrefab: {fileID: 100100000, guid: cbb1c6f513b2c43c6b0194977f83594e, type: 2}
  m_IsPrefabParent: 0
--- !u!1001 &861558285
Prefab:
  m_ObjectHideFlags: 0
  serializedVersion: 2
  m_Modification:
    m_TransformParent: {fileID: 0}
    m_Modifications:
    - target: {fileID: 4000010709491052, guid: f2bc4fb24e1a0468a8f74cdb967ec941, type: 2}
      propertyPath: m_LocalPosition.x
      value: 627.2
      objectReference: {fileID: 0}
    - target: {fileID: 4000010709491052, guid: f2bc4fb24e1a0468a8f74cdb967ec941, type: 2}
      propertyPath: m_LocalPosition.y
      value: 20.7
      objectReference: {fileID: 0}
    - target: {fileID: 4000010709491052, guid: f2bc4fb24e1a0468a8f74cdb967ec941, type: 2}
      propertyPath: m_LocalPosition.z
      value: 756
      objectReference: {fileID: 0}
    - target: {fileID: 4000010709491052, guid: f2bc4fb24e1a0468a8f74cdb967ec941, type: 2}
      propertyPath: m_LocalRotation.x
      value: -0
      objectReference: {fileID: 0}
    - target: {fileID: 4000010709491052, guid: f2bc4fb24e1a0468a8f74cdb967ec941, type: 2}
      propertyPath: m_LocalRotation.y
      value: -0
      objectReference: {fileID: 0}
    - target: {fileID: 4000010709491052, guid: f2bc4fb24e1a0468a8f74cdb967ec941, type: 2}
      propertyPath: m_LocalRotation.z
      value: -0
      objectReference: {fileID: 0}
    - target: {fileID: 4000010709491052, guid: f2bc4fb24e1a0468a8f74cdb967ec941, type: 2}
      propertyPath: m_LocalRotation.w
      value: 1
      objectReference: {fileID: 0}
    - target: {fileID: 4000010709491052, guid: f2bc4fb24e1a0468a8f74cdb967ec941, type: 2}
      propertyPath: m_RootOrder
      value: 17
      objectReference: {fileID: 0}
    - target: {fileID: 1000010793340882, guid: f2bc4fb24e1a0468a8f74cdb967ec941, type: 2}
      propertyPath: m_Name
      value: energyPickUp_2 (3)
      objectReference: {fileID: 0}
    m_RemovedComponents: []
  m_ParentPrefab: {fileID: 100100000, guid: f2bc4fb24e1a0468a8f74cdb967ec941, type: 2}
  m_IsPrefabParent: 0
--- !u!1001 &995789320
Prefab:
  m_ObjectHideFlags: 0
  serializedVersion: 2
  m_Modification:
    m_TransformParent: {fileID: 0}
    m_Modifications:
    - target: {fileID: 4000010494274150, guid: cbb1c6f513b2c43c6b0194977f83594e, type: 2}
      propertyPath: m_LocalPosition.x
      value: 133.5
      objectReference: {fileID: 0}
    - target: {fileID: 4000010494274150, guid: cbb1c6f513b2c43c6b0194977f83594e, type: 2}
      propertyPath: m_LocalPosition.y
      value: 19.5
      objectReference: {fileID: 0}
    - target: {fileID: 4000010494274150, guid: cbb1c6f513b2c43c6b0194977f83594e, type: 2}
      propertyPath: m_LocalPosition.z
      value: 274.3
      objectReference: {fileID: 0}
    - target: {fileID: 4000010494274150, guid: cbb1c6f513b2c43c6b0194977f83594e, type: 2}
      propertyPath: m_LocalRotation.x
      value: -0
      objectReference: {fileID: 0}
    - target: {fileID: 4000010494274150, guid: cbb1c6f513b2c43c6b0194977f83594e, type: 2}
      propertyPath: m_LocalRotation.y
      value: -0
      objectReference: {fileID: 0}
    - target: {fileID: 4000010494274150, guid: cbb1c6f513b2c43c6b0194977f83594e, type: 2}
      propertyPath: m_LocalRotation.z
      value: -0
      objectReference: {fileID: 0}
    - target: {fileID: 4000010494274150, guid: cbb1c6f513b2c43c6b0194977f83594e, type: 2}
      propertyPath: m_LocalRotation.w
      value: 1
      objectReference: {fileID: 0}
    - target: {fileID: 4000010494274150, guid: cbb1c6f513b2c43c6b0194977f83594e, type: 2}
      propertyPath: m_RootOrder
      value: 5
      objectReference: {fileID: 0}
    m_RemovedComponents: []
  m_ParentPrefab: {fileID: 100100000, guid: cbb1c6f513b2c43c6b0194977f83594e, type: 2}
  m_IsPrefabParent: 0
--- !u!1001 &1043435433
Prefab:
  m_ObjectHideFlags: 0
  serializedVersion: 2
  m_Modification:
    m_TransformParent: {fileID: 0}
    m_Modifications:
    - target: {fileID: 4000013254648620, guid: 305eb3b8aecd74e2dbe4205a4b70077c, type: 2}
      propertyPath: m_LocalPosition.x
      value: 43.6
      objectReference: {fileID: 0}
    - target: {fileID: 4000013254648620, guid: 305eb3b8aecd74e2dbe4205a4b70077c, type: 2}
      propertyPath: m_LocalPosition.y
      value: 18.88
      objectReference: {fileID: 0}
    - target: {fileID: 4000013254648620, guid: 305eb3b8aecd74e2dbe4205a4b70077c, type: 2}
      propertyPath: m_LocalPosition.z
      value: 608.6045
      objectReference: {fileID: 0}
    - target: {fileID: 4000013254648620, guid: 305eb3b8aecd74e2dbe4205a4b70077c, type: 2}
      propertyPath: m_LocalRotation.x
      value: -0
      objectReference: {fileID: 0}
    - target: {fileID: 4000013254648620, guid: 305eb3b8aecd74e2dbe4205a4b70077c, type: 2}
      propertyPath: m_LocalRotation.y
      value: -0
      objectReference: {fileID: 0}
    - target: {fileID: 4000013254648620, guid: 305eb3b8aecd74e2dbe4205a4b70077c, type: 2}
      propertyPath: m_LocalRotation.z
      value: -0
      objectReference: {fileID: 0}
    - target: {fileID: 4000013254648620, guid: 305eb3b8aecd74e2dbe4205a4b70077c, type: 2}
      propertyPath: m_LocalRotation.w
      value: 1
      objectReference: {fileID: 0}
    - target: {fileID: 4000013254648620, guid: 305eb3b8aecd74e2dbe4205a4b70077c, type: 2}
      propertyPath: m_RootOrder
      value: 11
      objectReference: {fileID: 0}
    - target: {fileID: 1000013813148552, guid: 305eb3b8aecd74e2dbe4205a4b70077c, type: 2}
      propertyPath: m_Name
      value: energyPickUp_1 (2)
      objectReference: {fileID: 0}
    m_RemovedComponents: []
  m_ParentPrefab: {fileID: 100100000, guid: 305eb3b8aecd74e2dbe4205a4b70077c, type: 2}
  m_IsPrefabParent: 0
--- !u!1001 &1401453543
Prefab:
  m_ObjectHideFlags: 0
  serializedVersion: 2
  m_Modification:
    m_TransformParent: {fileID: 0}
    m_Modifications:
    - target: {fileID: 4000010709491052, guid: f2bc4fb24e1a0468a8f74cdb967ec941, type: 2}
      propertyPath: m_LocalPosition.x
      value: 841
      objectReference: {fileID: 0}
    - target: {fileID: 4000010709491052, guid: f2bc4fb24e1a0468a8f74cdb967ec941, type: 2}
      propertyPath: m_LocalPosition.y
      value: 20.7
      objectReference: {fileID: 0}
    - target: {fileID: 4000010709491052, guid: f2bc4fb24e1a0468a8f74cdb967ec941, type: 2}
      propertyPath: m_LocalPosition.z
      value: 678
      objectReference: {fileID: 0}
    - target: {fileID: 4000010709491052, guid: f2bc4fb24e1a0468a8f74cdb967ec941, type: 2}
      propertyPath: m_LocalRotation.x
      value: -0
      objectReference: {fileID: 0}
    - target: {fileID: 4000010709491052, guid: f2bc4fb24e1a0468a8f74cdb967ec941, type: 2}
      propertyPath: m_LocalRotation.y
      value: -0
      objectReference: {fileID: 0}
    - target: {fileID: 4000010709491052, guid: f2bc4fb24e1a0468a8f74cdb967ec941, type: 2}
      propertyPath: m_LocalRotation.z
      value: -0
      objectReference: {fileID: 0}
    - target: {fileID: 4000010709491052, guid: f2bc4fb24e1a0468a8f74cdb967ec941, type: 2}
      propertyPath: m_LocalRotation.w
      value: 1
      objectReference: {fileID: 0}
    - target: {fileID: 4000010709491052, guid: f2bc4fb24e1a0468a8f74cdb967ec941, type: 2}
      propertyPath: m_RootOrder
      value: 18
      objectReference: {fileID: 0}
    - target: {fileID: 1000010793340882, guid: f2bc4fb24e1a0468a8f74cdb967ec941, type: 2}
      propertyPath: m_Name
      value: energyPickUp_2 (4)
      objectReference: {fileID: 0}
    m_RemovedComponents: []
  m_ParentPrefab: {fileID: 100100000, guid: f2bc4fb24e1a0468a8f74cdb967ec941, type: 2}
  m_IsPrefabParent: 0
--- !u!1001 &1839623013
Prefab:
  m_ObjectHideFlags: 0
  serializedVersion: 2
  m_Modification:
    m_TransformParent: {fileID: 0}
    m_Modifications:
    - target: {fileID: 4000010494274150, guid: cbb1c6f513b2c43c6b0194977f83594e, type: 2}
      propertyPath: m_LocalPosition.x
      value: 280.9
      objectReference: {fileID: 0}
    - target: {fileID: 4000010494274150, guid: cbb1c6f513b2c43c6b0194977f83594e, type: 2}
      propertyPath: m_LocalPosition.y
      value: 18.9
      objectReference: {fileID: 0}
    - target: {fileID: 4000010494274150, guid: cbb1c6f513b2c43c6b0194977f83594e, type: 2}
      propertyPath: m_LocalPosition.z
      value: 612.0196
      objectReference: {fileID: 0}
    - target: {fileID: 4000010494274150, guid: cbb1c6f513b2c43c6b0194977f83594e, type: 2}
      propertyPath: m_LocalRotation.x
      value: -0
      objectReference: {fileID: 0}
    - target: {fileID: 4000010494274150, guid: cbb1c6f513b2c43c6b0194977f83594e, type: 2}
      propertyPath: m_LocalRotation.y
      value: -0
      objectReference: {fileID: 0}
    - target: {fileID: 4000010494274150, guid: cbb1c6f513b2c43c6b0194977f83594e, type: 2}
      propertyPath: m_LocalRotation.z
      value: -0
      objectReference: {fileID: 0}
    - target: {fileID: 4000010494274150, guid: cbb1c6f513b2c43c6b0194977f83594e, type: 2}
      propertyPath: m_LocalRotation.w
      value: 1
      objectReference: {fileID: 0}
    - target: {fileID: 4000010494274150, guid: cbb1c6f513b2c43c6b0194977f83594e, type: 2}
      propertyPath: m_RootOrder
      value: 2
      objectReference: {fileID: 0}
    - target: {fileID: 1000010645089048, guid: cbb1c6f513b2c43c6b0194977f83594e, type: 2}
      propertyPath: m_Name
      value: energyPickUp_3 (3)
      objectReference: {fileID: 0}
    m_RemovedComponents: []
  m_ParentPrefab: {fileID: 100100000, guid: cbb1c6f513b2c43c6b0194977f83594e, type: 2}
  m_IsPrefabParent: 0
--- !u!1001 &2105262089
Prefab:
  m_ObjectHideFlags: 0
  serializedVersion: 2
  m_Modification:
    m_TransformParent: {fileID: 0}
    m_Modifications:
    - target: {fileID: 4000013254648620, guid: 305eb3b8aecd74e2dbe4205a4b70077c, type: 2}
      propertyPath: m_LocalPosition.x
      value: 615
      objectReference: {fileID: 0}
    - target: {fileID: 4000013254648620, guid: 305eb3b8aecd74e2dbe4205a4b70077c, type: 2}
      propertyPath: m_LocalPosition.y
      value: 19.35
      objectReference: {fileID: 0}
    - target: {fileID: 4000013254648620, guid: 305eb3b8aecd74e2dbe4205a4b70077c, type: 2}
      propertyPath: m_LocalPosition.z
      value: 774
      objectReference: {fileID: 0}
    - target: {fileID: 4000013254648620, guid: 305eb3b8aecd74e2dbe4205a4b70077c, type: 2}
      propertyPath: m_LocalRotation.x
      value: -0
      objectReference: {fileID: 0}
    - target: {fileID: 4000013254648620, guid: 305eb3b8aecd74e2dbe4205a4b70077c, type: 2}
      propertyPath: m_LocalRotation.y
      value: -0
      objectReference: {fileID: 0}
    - target: {fileID: 4000013254648620, guid: 305eb3b8aecd74e2dbe4205a4b70077c, type: 2}
      propertyPath: m_LocalRotation.z
      value: -0
      objectReference: {fileID: 0}
    - target: {fileID: 4000013254648620, guid: 305eb3b8aecd74e2dbe4205a4b70077c, type: 2}
      propertyPath: m_LocalRotation.w
      value: 1
      objectReference: {fileID: 0}
    - target: {fileID: 4000013254648620, guid: 305eb3b8aecd74e2dbe4205a4b70077c, type: 2}
      propertyPath: m_RootOrder
      value: 13
      objectReference: {fileID: 0}
    - target: {fileID: 1000013813148552, guid: 305eb3b8aecd74e2dbe4205a4b70077c, type: 2}
      propertyPath: m_Name
      value: energyPickUp_1 (4)
      objectReference: {fileID: 0}
    m_RemovedComponents: []
  m_ParentPrefab: {fileID: 100100000, guid: 305eb3b8aecd74e2dbe4205a4b70077c, type: 2}
  m_IsPrefabParent: 0
