%YAML 1.1
%TAG !u! tag:unity3d.com,2011:
--- !u!1001 &100100000
Prefab:
  m_ObjectHideFlags: 1
  serializedVersion: 2
  m_Modification:
    m_TransformParent: {fileID: 0}
    m_Modifications: []
    m_RemovedComponents: []
  m_ParentPrefab: {fileID: 0}
  m_RootGameObject: {fileID: 1000013965282498}
  m_IsPrefabParent: 1
--- !u!1 &1000010264365566
GameObject:
  m_ObjectHideFlags: 1
  m_PrefabParentObject: {fileID: 0}
  m_PrefabInternal: {fileID: 100100000}
  serializedVersion: 4
  m_Component:
  - 4: {fileID: 4000012390315590}
  - 33: {fileID: 33000011267861744}
  - 64: {fileID: 64000012538251808}
  - 23: {fileID: 23000011802425980}
  - 114: {fileID: 114000010468847642}
  m_Layer: 0
  m_Name: OBJ_WaterfallBigWaterBot
  m_TagString: Untagged
  m_Icon: {fileID: 0}
  m_NavMeshLayer: 0
  m_StaticEditorFlags: 0
  m_IsActive: 1
--- !u!1 &1000010441374238
GameObject:
  m_ObjectHideFlags: 0
  m_PrefabParentObject: {fileID: 0}
  m_PrefabInternal: {fileID: 100100000}
  serializedVersion: 4
  m_Component:
  - 4: {fileID: 4000012817468340}
  m_Layer: 0
  m_Name: Waterfall
  m_TagString: Untagged
  m_Icon: {fileID: 0}
  m_NavMeshLayer: 0
  m_StaticEditorFlags: 0
  m_IsActive: 1
--- !u!1 &1000010777389378
GameObject:
  m_ObjectHideFlags: 1
  m_PrefabParentObject: {fileID: 0}
  m_PrefabInternal: {fileID: 100100000}
  serializedVersion: 4
  m_Component:
  - 4: {fileID: 4000013684247668}
  - 33: {fileID: 33000013506422234}
  - 23: {fileID: 23000012672135610}
  - 111: {fileID: 111000010495547058}
  - 114: {fileID: 114000012212067744}
  m_Layer: 0
  m_Name: OBJ_WaterfallBigWater
  m_TagString: Untagged
  m_Icon: {fileID: 0}
  m_NavMeshLayer: 0
  m_StaticEditorFlags: 0
  m_IsActive: 1
--- !u!1 &1000012660587506
GameObject:
  m_ObjectHideFlags: 0
  m_PrefabParentObject: {fileID: 0}
  m_PrefabInternal: {fileID: 100100000}
  serializedVersion: 4
  m_Component:
  - 4: {fileID: 4000010996498374}
  - 33: {fileID: 33000013582975632}
  - 64: {fileID: 64000014119560246}
  - 23: {fileID: 23000011080655748}
  m_Layer: 0
  m_Name: Plane
  m_TagString: Untagged
  m_Icon: {fileID: 0}
  m_NavMeshLayer: 0
  m_StaticEditorFlags: 0
  m_IsActive: 1
--- !u!1 &1000012661018816
GameObject:
  m_ObjectHideFlags: 1
  m_PrefabParentObject: {fileID: 0}
  m_PrefabInternal: {fileID: 100100000}
  serializedVersion: 4
  m_Component:
  - 4: {fileID: 4000010683285710}
  - 15: {fileID: 15000013226322802}
  - 12: {fileID: 12000011032012832}
  - 26: {fileID: 26000010430595534}
  m_Layer: 0
  m_Name: FX_WaterfallFoamBigBottom
  m_TagString: Untagged
  m_Icon: {fileID: 0}
  m_NavMeshLayer: 0
  m_StaticEditorFlags: 0
  m_IsActive: 1
--- !u!1 &1000012881196144
GameObject:
  m_ObjectHideFlags: 1
  m_PrefabParentObject: {fileID: 0}
  m_PrefabInternal: {fileID: 100100000}
  serializedVersion: 4
  m_Component:
  - 4: {fileID: 4000010364856380}
  - 15: {fileID: 15000011308983906}
  - 12: {fileID: 12000011573280088}
  - 26: {fileID: 26000013402657678}
  m_Layer: 0
  m_Name: FX_WaterfallBigFoam
  m_TagString: Untagged
  m_Icon: {fileID: 0}
  m_NavMeshLayer: 0
  m_StaticEditorFlags: 0
  m_IsActive: 1
--- !u!1 &1000013079207792
GameObject:
  m_ObjectHideFlags: 1
  m_PrefabParentObject: {fileID: 0}
  m_PrefabInternal: {fileID: 100100000}
  serializedVersion: 4
  m_Component:
  - 4: {fileID: 4000012487741274}
  - 15: {fileID: 15000011471954270}
  - 12: {fileID: 12000013840947542}
  - 26: {fileID: 26000011779692810}
  m_Layer: 0
  m_Name: FX_WaterfallBigMist
  m_TagString: Untagged
  m_Icon: {fileID: 0}
  m_NavMeshLayer: 0
  m_StaticEditorFlags: 0
  m_IsActive: 1
--- !u!1 &1000013744080612
GameObject:
  m_ObjectHideFlags: 1
  m_PrefabParentObject: {fileID: 0}
  m_PrefabInternal: {fileID: 100100000}
  serializedVersion: 4
  m_Component:
  - 4: {fileID: 4000014224143534}
  - 33: {fileID: 33000012935844140}
  - 23: {fileID: 23000013723106612}
  - 111: {fileID: 111000011414010140}
  - 114: {fileID: 114000013570361136}
  m_Layer: 0
  m_Name: OBJ_WaterfallBigSpit
  m_TagString: Untagged
  m_Icon: {fileID: 0}
  m_NavMeshLayer: 0
  m_StaticEditorFlags: 0
  m_IsActive: 1
--- !u!1 &1000013965282498
GameObject:
  m_ObjectHideFlags: 0
  m_PrefabParentObject: {fileID: 0}
  m_PrefabInternal: {fileID: 100100000}
  serializedVersion: 4
  m_Component:
  - 4: {fileID: 4000011827272144}
  - 218: {fileID: 218000011272427646}
  - 154: {fileID: 154000013991293708}
  - 114: {fileID: 114000013628027504}
  m_Layer: 0
  m_Name: Terrain
  m_TagString: Untagged
  m_Icon: {fileID: 0}
  m_NavMeshLayer: 0
  m_StaticEditorFlags: 4294967295
  m_IsActive: 1
--- !u!1 &1000014044750106
GameObject:
  m_ObjectHideFlags: 1
  m_PrefabParentObject: {fileID: 0}
  m_PrefabInternal: {fileID: 100100000}
  serializedVersion: 4
  m_Component:
  - 4: {fileID: 4000012308613386}
  - 15: {fileID: 15000012595834308}
  - 12: {fileID: 12000013050621674}
  - 26: {fileID: 26000010765472800}
  m_Layer: 0
  m_Name: FX_WaterFallBigSplashes
  m_TagString: Untagged
  m_Icon: {fileID: 0}
  m_NavMeshLayer: 0
  m_StaticEditorFlags: 0
  m_IsActive: 1
--- !u!4 &4000010364856380
Transform:
  m_ObjectHideFlags: 1
  m_PrefabParentObject: {fileID: 0}
  m_PrefabInternal: {fileID: 100100000}
  m_GameObject: {fileID: 1000012881196144}
  m_LocalRotation: {x: 0, y: 0, z: 0, w: 1}
  m_LocalPosition: {x: 0.19, y: -0.16044235, z: -2.6}
  m_LocalScale: {x: 1.3831801, y: 1, z: 1}
  m_LocalEulerAnglesHint: {x: 0, y: 0, z: 0}
  m_Children: []
  m_Father: {fileID: 4000012817468340}
  m_RootOrder: 1
--- !u!4 &4000010683285710
Transform:
  m_ObjectHideFlags: 1
  m_PrefabParentObject: {fileID: 0}
  m_PrefabInternal: {fileID: 100100000}
  m_GameObject: {fileID: 1000012661018816}
  m_LocalRotation: {x: 0, y: 0, z: 0, w: 1}
  m_LocalPosition: {x: -0.00031971931, y: -45.19016, z: -3.035695}
  m_LocalScale: {x: 3.079033, y: 1, z: 1}
  m_LocalEulerAnglesHint: {x: 0, y: 0, z: 0}
  m_Children: []
  m_Father: {fileID: 4000012817468340}
  m_RootOrder: 3
--- !u!4 &4000010996498374
Transform:
  m_ObjectHideFlags: 1
  m_PrefabParentObject: {fileID: 0}
  m_PrefabInternal: {fileID: 100100000}
  m_GameObject: {fileID: 1000012660587506}
  m_LocalRotation: {x: -0, y: -0, z: -0, w: 1}
  m_LocalPosition: {x: 700, y: 6.8, z: 707}
  m_LocalScale: {x: 50, y: 0, z: 60}
  m_LocalEulerAnglesHint: {x: 0, y: 0, z: 0}
  m_Children: []
  m_Father: {fileID: 4000011827272144}
  m_RootOrder: 1
--- !u!4 &4000011827272144
Transform:
  m_ObjectHideFlags: 1
  m_PrefabParentObject: {fileID: 0}
  m_PrefabInternal: {fileID: 100100000}
  m_GameObject: {fileID: 1000013965282498}
  m_LocalRotation: {x: 0, y: 0, z: 0, w: 1}
  m_LocalPosition: {x: 0, y: 0, z: 0}
  m_LocalScale: {x: 1, y: 1, z: 1}
  m_LocalEulerAnglesHint: {x: 0, y: 0, z: 0}
  m_Children:
  - {fileID: 4000012817468340}
  - {fileID: 4000010996498374}
  m_Father: {fileID: 0}
  m_RootOrder: 0
--- !u!4 &4000012308613386
Transform:
  m_ObjectHideFlags: 1
  m_PrefabParentObject: {fileID: 0}
  m_PrefabInternal: {fileID: 100100000}
  m_GameObject: {fileID: 1000014044750106}
  m_LocalRotation: {x: 0, y: 0, z: 0, w: 1}
  m_LocalPosition: {x: 0.16010022, y: -46.07189, z: -5.8055263}
  m_LocalScale: {x: 4.2366357, y: 1, z: 1}
  m_LocalEulerAnglesHint: {x: 0, y: 0, z: 0}
  m_Children: []
  m_Father: {fileID: 4000012817468340}
  m_RootOrder: 0
--- !u!4 &4000012390315590
Transform:
  m_ObjectHideFlags: 1
  m_PrefabParentObject: {fileID: 0}
  m_PrefabInternal: {fileID: 100100000}
  m_GameObject: {fileID: 1000010264365566}
  m_LocalRotation: {x: 0, y: 1, z: 0, w: -0.00000004371139}
  m_LocalPosition: {x: 0.10452986, y: -45.266113, z: -14.087498}
  m_LocalScale: {x: 0.7205505, y: 1, z: 2.0589638}
  m_LocalEulerAnglesHint: {x: 0, y: 0, z: 0}
  m_Children: []
  m_Father: {fileID: 4000012817468340}
  m_RootOrder: 6
--- !u!4 &4000012487741274
Transform:
  m_ObjectHideFlags: 1
  m_PrefabParentObject: {fileID: 0}
  m_PrefabInternal: {fileID: 100100000}
  m_GameObject: {fileID: 1000013079207792}
  m_LocalRotation: {x: 0, y: 0, z: 0, w: 1}
  m_LocalPosition: {x: -0.04165125, y: -46.212612, z: -6.1451526}
  m_LocalScale: {x: 1.9956597, y: 1, z: 1}
  m_LocalEulerAnglesHint: {x: 0, y: 0, z: 0}
  m_Children: []
  m_Father: {fileID: 4000012817468340}
  m_RootOrder: 2
--- !u!4 &4000012817468340
Transform:
  m_ObjectHideFlags: 1
  m_PrefabParentObject: {fileID: 0}
  m_PrefabInternal: {fileID: 100100000}
  m_GameObject: {fileID: 1000010441374238}
  m_LocalRotation: {x: -0, y: -0, z: -0, w: 1}
  m_LocalPosition: {x: 477.1, y: 6.74, z: 409.8}
  m_LocalScale: {x: 4.4683533, y: 0.1506867, z: 1}
  m_LocalEulerAnglesHint: {x: 0, y: 0, z: 0}
  m_Children:
  - {fileID: 4000012308613386}
  - {fileID: 4000010364856380}
  - {fileID: 4000012487741274}
  - {fileID: 4000010683285710}
  - {fileID: 4000013684247668}
  - {fileID: 4000014224143534}
  - {fileID: 4000012390315590}
  m_Father: {fileID: 4000011827272144}
  m_RootOrder: 0
--- !u!4 &4000013684247668
Transform:
  m_ObjectHideFlags: 1
  m_PrefabParentObject: {fileID: 0}
  m_PrefabInternal: {fileID: 100100000}
  m_GameObject: {fileID: 1000010777389378}
  m_LocalRotation: {x: 0, y: 0, z: 0, w: 1}
  m_LocalPosition: {x: 0, y: -50, z: 0}
  m_LocalScale: {x: 1, y: 1, z: 1}
  m_LocalEulerAnglesHint: {x: 0, y: 0, z: 0}
  m_Children: []
  m_Father: {fileID: 4000012817468340}
  m_RootOrder: 4
--- !u!4 &4000014224143534
Transform:
  m_ObjectHideFlags: 1
  m_PrefabParentObject: {fileID: 0}
  m_PrefabInternal: {fileID: 100100000}
  m_GameObject: {fileID: 1000013744080612}
  m_LocalRotation: {x: 0, y: 0, z: 0, w: 1}
  m_LocalPosition: {x: 0, y: -49.95, z: -0.05}
  m_LocalScale: {x: 1.4288399, y: 1, z: 1}
  m_LocalEulerAnglesHint: {x: 0, y: 0, z: 0}
  m_Children: []
  m_Father: {fileID: 4000012817468340}
  m_RootOrder: 5
--- !u!12 &12000011032012832
ParticleAnimator:
  m_ObjectHideFlags: 1
  m_PrefabParentObject: {fileID: 0}
  m_PrefabInternal: {fileID: 100100000}
  m_GameObject: {fileID: 1000012661018816}
  Does Animate Color?: 1
  colorAnimation[0]:
    serializedVersion: 2
    rgba: 16777215
  colorAnimation[1]:
    serializedVersion: 2
    rgba: 4294967295
  colorAnimation[2]:
    serializedVersion: 2
    rgba: 4294967295
  colorAnimation[3]:
    serializedVersion: 2
    rgba: 3036676095
  colorAnimation[4]:
    serializedVersion: 2
    rgba: 184549375
  worldRotationAxis: {x: 0, y: 0, z: 0}
  localRotationAxis: {x: 0, y: 0, z: 0}
  sizeGrow: 1
  rndForce: {x: 0, y: 0, z: 0}
  force: {x: 0, y: 0, z: 0}
  damping: 1
  stopSimulation: 0
  autodestruct: 0
--- !u!12 &12000011573280088
ParticleAnimator:
  m_ObjectHideFlags: 1
  m_PrefabParentObject: {fileID: 0}
  m_PrefabInternal: {fileID: 100100000}
  m_GameObject: {fileID: 1000012881196144}
  Does Animate Color?: 1
  colorAnimation[0]:
    serializedVersion: 2
    rgba: 184549375
  colorAnimation[1]:
    serializedVersion: 2
    rgba: 4294967295
  colorAnimation[2]:
    serializedVersion: 2
    rgba: 4294967295
  colorAnimation[3]:
    serializedVersion: 2
    rgba: 3570576000
  colorAnimation[4]:
    serializedVersion: 2
    rgba: 4294967295
  worldRotationAxis: {x: 0, y: 0, z: 0}
  localRotationAxis: {x: 0, y: 0, z: 0}
  sizeGrow: 0.2
  rndForce: {x: 0, y: -10, z: 0}
  force: {x: 0, y: -14, z: 0}
  damping: 0.5
  stopSimulation: 0
  autodestruct: 1
--- !u!12 &12000013050621674
ParticleAnimator:
  m_ObjectHideFlags: 1
  m_PrefabParentObject: {fileID: 0}
  m_PrefabInternal: {fileID: 100100000}
  m_GameObject: {fileID: 1000014044750106}
  Does Animate Color?: 1
  colorAnimation[0]:
    serializedVersion: 2
    rgba: 4294967295
  colorAnimation[1]:
    serializedVersion: 2
    rgba: 4294967295
  colorAnimation[2]:
    serializedVersion: 2
    rgba: 3305111551
  colorAnimation[3]:
    serializedVersion: 2
    rgba: 2332033023
  colorAnimation[4]:
    serializedVersion: 2
    rgba: 184549375
  worldRotationAxis: {x: 0, y: 0, z: 0}
  localRotationAxis: {x: 0, y: 0, z: 0}
  sizeGrow: 10
  rndForce: {x: 0.1, y: 0, z: 0}
  force: {x: 0, y: 0, z: 0}
  damping: 1
  stopSimulation: 0
  autodestruct: 0
--- !u!12 &12000013840947542
ParticleAnimator:
  m_ObjectHideFlags: 1
  m_PrefabParentObject: {fileID: 0}
  m_PrefabInternal: {fileID: 100100000}
  m_GameObject: {fileID: 1000013079207792}
  Does Animate Color?: 1
  colorAnimation[0]:
    serializedVersion: 2
    rgba: 8481104
  colorAnimation[1]:
    serializedVersion: 2
    rgba: 4289300325
  colorAnimation[2]:
    serializedVersion: 2
    rgba: 4294967295
  colorAnimation[3]:
    serializedVersion: 2
    rgba: 3036676095
  colorAnimation[4]:
    serializedVersion: 2
    rgba: 184549375
  worldRotationAxis: {x: 0, y: 0, z: 0}
  localRotationAxis: {x: 0, y: 0, z: 0}
  sizeGrow: 0.2722294
  rndForce: {x: 0.5, y: 1, z: 2.3524246}
  force: {x: 0, y: 0, z: -0.3229183}
  damping: 0.9
  stopSimulation: 0
  autodestruct: 0
--- !u!15 &15000011308983906
EllipsoidParticleEmitter:
  m_ObjectHideFlags: 1
  m_PrefabParentObject: {fileID: 0}
  m_PrefabInternal: {fileID: 100100000}
  m_GameObject: {fileID: 1000012881196144}
  serializedVersion: 2
  m_Enabled: 1
  m_Emit: 1
  minSize: 0.42758927
  maxSize: 0.36098766
  minEnergy: 4
  maxEnergy: 4
  minEmission: 1000
  maxEmission: 1000
  worldVelocity: {x: 0, y: 0, z: 0}
  localVelocity: {x: 0, y: 0, z: -3}
  rndVelocity: {x: 0, y: 0, z: -1}
  emitterVelocityScale: 0.05
  tangentVelocity: {x: 0, y: 0, z: 0}
  angularVelocity: 0
  rndAngularVelocity: 0
  rndRotation: 0
  Simulate in Worldspace?: 1
  m_OneShot: 0
  m_Ellipsoid: {x: 11, y: 0, z: 0}
  m_MinEmitterRange: 0
--- !u!15 &15000011471954270
EllipsoidParticleEmitter:
  m_ObjectHideFlags: 1
  m_PrefabParentObject: {fileID: 0}
  m_PrefabInternal: {fileID: 100100000}
  m_GameObject: {fileID: 1000013079207792}
  serializedVersion: 2
  m_Enabled: 1
  m_Emit: 1
  minSize: 20
  maxSize: 20
  minEnergy: 5
  maxEnergy: 5
  minEmission: 2
  maxEmission: 2
  worldVelocity: {x: 0, y: 4, z: 0}
  localVelocity: {x: 0, y: 0, z: 0}
  rndVelocity: {x: 0, y: 1, z: 0}
  emitterVelocityScale: 0.05
  tangentVelocity: {x: 0, y: 0, z: 0}
  angularVelocity: 0
  rndAngularVelocity: 0
  rndRotation: 0
  Simulate in Worldspace?: 1
  m_OneShot: 0
  m_Ellipsoid: {x: 3, y: 1, z: 1}
  m_MinEmitterRange: 0
--- !u!15 &15000012595834308
EllipsoidParticleEmitter:
  m_ObjectHideFlags: 1
  m_PrefabParentObject: {fileID: 0}
  m_PrefabInternal: {fileID: 100100000}
  m_GameObject: {fileID: 1000014044750106}
  serializedVersion: 2
  m_Enabled: 1
  m_Emit: 1
  minSize: 3
  maxSize: 3
  minEnergy: 0.5
  maxEnergy: 0.6
  minEmission: 150
  maxEmission: 150
  worldVelocity: {x: 0, y: -2, z: 0}
  localVelocity: {x: 0, y: 0.13, z: -0.1872792}
  rndVelocity: {x: 0.2, y: 0, z: 0.2}
  emitterVelocityScale: 0.05
  tangentVelocity: {x: 0, y: 0, z: 0}
  angularVelocity: 0
  rndAngularVelocity: 0
  rndRotation: 0
  Simulate in Worldspace?: 1
  m_OneShot: 0
  m_Ellipsoid: {x: 6, y: 0, z: 2}
  m_MinEmitterRange: 0
--- !u!15 &15000013226322802
EllipsoidParticleEmitter:
  m_ObjectHideFlags: 1
  m_PrefabParentObject: {fileID: 0}
  m_PrefabInternal: {fileID: 100100000}
  m_GameObject: {fileID: 1000012661018816}
  serializedVersion: 2
  m_Enabled: 1
  m_Emit: 1
  minSize: 3
  maxSize: 3
  minEnergy: 3
  maxEnergy: 5
  minEmission: 20
  maxEmission: 20
  worldVelocity: {x: 0, y: 0, z: 0}
  localVelocity: {x: 0, y: 0, z: -3}
  rndVelocity: {x: 0.5, y: 0, z: -3}
  emitterVelocityScale: 0.05
  tangentVelocity: {x: 0, y: 0, z: 0}
  angularVelocity: 0
  rndAngularVelocity: 0
  rndRotation: 0
  Simulate in Worldspace?: 1
  m_OneShot: 0
  m_Ellipsoid: {x: 3, y: 0.1, z: 0}
  m_MinEmitterRange: 0
--- !u!23 &23000011080655748
MeshRenderer:
  m_ObjectHideFlags: 1
  m_PrefabParentObject: {fileID: 0}
  m_PrefabInternal: {fileID: 100100000}
  m_GameObject: {fileID: 1000012660587506}
  m_Enabled: 1
  m_CastShadows: 1
  m_ReceiveShadows: 1
  m_MotionVectors: 1
  m_LightProbeUsage: 1
  m_ReflectionProbeUsage: 1
  m_Materials:
  - {fileID: 2100000, guid: 82163206ac4c58749bfa32e52c4ae160, type: 2}
  m_SubsetIndices: 
  m_StaticBatchRoot: {fileID: 0}
  m_ProbeAnchor: {fileID: 0}
  m_LightProbeVolumeOverride: {fileID: 0}
  m_ScaleInLightmap: 1
  m_PreserveUVs: 1
  m_IgnoreNormalsForChartDetection: 0
  m_ImportantGI: 0
  m_SelectedWireframeHidden: 0
  m_MinimumChartSize: 4
  m_AutoUVMaxDistance: 0.5
  m_AutoUVMaxAngle: 89
  m_LightmapParameters: {fileID: 0}
  m_SortingLayerID: 0
  m_SortingOrder: 0
--- !u!23 &23000011802425980
MeshRenderer:
  m_ObjectHideFlags: 1
  m_PrefabParentObject: {fileID: 0}
  m_PrefabInternal: {fileID: 100100000}
  m_GameObject: {fileID: 1000010264365566}
  m_Enabled: 1
  m_CastShadows: 1
  m_ReceiveShadows: 1
  m_MotionVectors: 1
  m_LightProbeUsage: 0
  m_ReflectionProbeUsage: 1
  m_Materials:
  - {fileID: 2100000, guid: 264ea8ffc20b45742804cb7fa6a0010d, type: 2}
  m_SubsetIndices: 
  m_StaticBatchRoot: {fileID: 0}
  m_ProbeAnchor: {fileID: 0}
  m_LightProbeVolumeOverride: {fileID: 0}
  m_ScaleInLightmap: 1
  m_PreserveUVs: 0
  m_IgnoreNormalsForChartDetection: 0
  m_ImportantGI: 0
  m_SelectedWireframeHidden: 0
  m_MinimumChartSize: 4
  m_AutoUVMaxDistance: 0.5
  m_AutoUVMaxAngle: 89
  m_LightmapParameters: {fileID: 0}
  m_SortingLayerID: 0
  m_SortingOrder: 0
--- !u!23 &23000012672135610
MeshRenderer:
  m_ObjectHideFlags: 1
  m_PrefabParentObject: {fileID: 0}
  m_PrefabInternal: {fileID: 100100000}
  m_GameObject: {fileID: 1000010777389378}
  m_Enabled: 1
  m_CastShadows: 1
  m_ReceiveShadows: 1
  m_MotionVectors: 1
  m_LightProbeUsage: 0
  m_ReflectionProbeUsage: 1
  m_Materials:
  - {fileID: 2100000, guid: 264ea8ffc20b45742804cb7fa6a0010d, type: 2}
  m_SubsetIndices: 
  m_StaticBatchRoot: {fileID: 0}
  m_ProbeAnchor: {fileID: 0}
  m_LightProbeVolumeOverride: {fileID: 0}
  m_ScaleInLightmap: 1
  m_PreserveUVs: 0
  m_IgnoreNormalsForChartDetection: 0
  m_ImportantGI: 0
  m_SelectedWireframeHidden: 0
  m_MinimumChartSize: 4
  m_AutoUVMaxDistance: 0.5
  m_AutoUVMaxAngle: 89
  m_LightmapParameters: {fileID: 0}
  m_SortingLayerID: 0
  m_SortingOrder: 0
--- !u!23 &23000013723106612
MeshRenderer:
  m_ObjectHideFlags: 1
  m_PrefabParentObject: {fileID: 0}
  m_PrefabInternal: {fileID: 100100000}
  m_GameObject: {fileID: 1000013744080612}
  m_Enabled: 1
  m_CastShadows: 1
  m_ReceiveShadows: 1
  m_MotionVectors: 1
  m_LightProbeUsage: 0
  m_ReflectionProbeUsage: 1
  m_Materials:
  - {fileID: 2100000, guid: 7ef77ad712f4c4e51abc835354b6654c, type: 2}
  m_SubsetIndices: 
  m_StaticBatchRoot: {fileID: 0}
  m_ProbeAnchor: {fileID: 0}
  m_LightProbeVolumeOverride: {fileID: 0}
  m_ScaleInLightmap: 1
  m_PreserveUVs: 0
  m_IgnoreNormalsForChartDetection: 0
  m_ImportantGI: 0
  m_SelectedWireframeHidden: 0
  m_MinimumChartSize: 4
  m_AutoUVMaxDistance: 0.5
  m_AutoUVMaxAngle: 89
  m_LightmapParameters: {fileID: 0}
  m_SortingLayerID: 0
  m_SortingOrder: 0
--- !u!26 &26000010430595534
ParticleRenderer:
  m_ObjectHideFlags: 1
  m_PrefabParentObject: {fileID: 0}
  m_PrefabInternal: {fileID: 100100000}
  m_GameObject: {fileID: 1000012661018816}
  m_Enabled: 1
  m_CastShadows: 1
  m_ReceiveShadows: 1
  m_MotionVectors: 1
  m_LightProbeUsage: 0
  m_ReflectionProbeUsage: 1
  m_Materials:
  - {fileID: 2100000, guid: 861c24d899c441141b50c6d21640c216, type: 2}
  m_SubsetIndices: 
  m_StaticBatchRoot: {fileID: 0}
  m_ProbeAnchor: {fileID: 0}
  m_LightProbeVolumeOverride: {fileID: 0}
  m_ScaleInLightmap: 1
  m_PreserveUVs: 0
  m_IgnoreNormalsForChartDetection: 0
  m_ImportantGI: 0
  m_SelectedWireframeHidden: 0
  m_MinimumChartSize: 4
  m_AutoUVMaxDistance: 0.5
  m_AutoUVMaxAngle: 89
  m_LightmapParameters: {fileID: 0}
  m_SortingLayerID: 0
  m_SortingOrder: 0
  serializedVersion: 2
  m_CameraVelocityScale: 0
  m_StretchParticles: 4
  m_LengthScale: 0.1
  m_VelocityScale: 1
  m_MaxParticleSize: 3
  UV Animation:
    x Tile: 1
    y Tile: 1
    cycles: 1
--- !u!26 &26000010765472800
ParticleRenderer:
  m_ObjectHideFlags: 1
  m_PrefabParentObject: {fileID: 0}
  m_PrefabInternal: {fileID: 100100000}
  m_GameObject: {fileID: 1000014044750106}
  m_Enabled: 1
  m_CastShadows: 1
  m_ReceiveShadows: 1
  m_MotionVectors: 1
  m_LightProbeUsage: 0
  m_ReflectionProbeUsage: 1
  m_Materials:
  - {fileID: 2100000, guid: 99df97be368d1d5498d6f7274f2a49fe, type: 2}
  m_SubsetIndices: 
  m_StaticBatchRoot: {fileID: 0}
  m_ProbeAnchor: {fileID: 0}
  m_LightProbeVolumeOverride: {fileID: 0}
  m_ScaleInLightmap: 1
  m_PreserveUVs: 0
  m_IgnoreNormalsForChartDetection: 0
  m_ImportantGI: 0
  m_SelectedWireframeHidden: 0
  m_MinimumChartSize: 4
  m_AutoUVMaxDistance: 0.5
  m_AutoUVMaxAngle: 89
  m_LightmapParameters: {fileID: 0}
  m_SortingLayerID: 0
  m_SortingOrder: 0
  serializedVersion: 2
  m_CameraVelocityScale: 0
  m_StretchParticles: 3
  m_LengthScale: 1
  m_VelocityScale: 1
  m_MaxParticleSize: 1
  UV Animation:
    x Tile: 1
    y Tile: 1
    cycles: 1
--- !u!26 &26000011779692810
ParticleRenderer:
  m_ObjectHideFlags: 1
  m_PrefabParentObject: {fileID: 0}
  m_PrefabInternal: {fileID: 100100000}
  m_GameObject: {fileID: 1000013079207792}
  m_Enabled: 1
  m_CastShadows: 1
  m_ReceiveShadows: 1
  m_MotionVectors: 1
  m_LightProbeUsage: 0
  m_ReflectionProbeUsage: 1
  m_Materials:
  - {fileID: 2100000, guid: fed4f411f111ad74490520687858a801, type: 2}
  m_SubsetIndices: 
  m_StaticBatchRoot: {fileID: 0}
  m_ProbeAnchor: {fileID: 0}
  m_LightProbeVolumeOverride: {fileID: 0}
  m_ScaleInLightmap: 1
  m_PreserveUVs: 0
  m_IgnoreNormalsForChartDetection: 0
  m_ImportantGI: 0
  m_SelectedWireframeHidden: 0
  m_MinimumChartSize: 4
  m_AutoUVMaxDistance: 0.5
  m_AutoUVMaxAngle: 89
  m_LightmapParameters: {fileID: 0}
  m_SortingLayerID: 0
  m_SortingOrder: 0
  serializedVersion: 2
  m_CameraVelocityScale: 0
  m_StretchParticles: 0
  m_LengthScale: 2
  m_VelocityScale: 0
  m_MaxParticleSize: 5
  UV Animation:
    x Tile: 1
    y Tile: 1
    cycles: 1
--- !u!26 &26000013402657678
ParticleRenderer:
  m_ObjectHideFlags: 1
  m_PrefabParentObject: {fileID: 0}
  m_PrefabInternal: {fileID: 100100000}
  m_GameObject: {fileID: 1000012881196144}
  m_Enabled: 1
  m_CastShadows: 1
  m_ReceiveShadows: 1
  m_MotionVectors: 1
  m_LightProbeUsage: 0
  m_ReflectionProbeUsage: 1
  m_Materials:
  - {fileID: 2100000, guid: 2c7fec2238bada74ab4f7efa3deca06f, type: 2}
  m_SubsetIndices: 
  m_StaticBatchRoot: {fileID: 0}
  m_ProbeAnchor: {fileID: 0}
  m_LightProbeVolumeOverride: {fileID: 0}
  m_ScaleInLightmap: 1
  m_PreserveUVs: 0
  m_IgnoreNormalsForChartDetection: 0
  m_ImportantGI: 0
  m_SelectedWireframeHidden: 0
  m_MinimumChartSize: 4
  m_AutoUVMaxDistance: 0.5
  m_AutoUVMaxAngle: 89
  m_LightmapParameters: {fileID: 0}
  m_SortingLayerID: 0
  m_SortingOrder: 0
  serializedVersion: 2
  m_CameraVelocityScale: 0
  m_StretchParticles: 3
  m_LengthScale: 0.2
  m_VelocityScale: 0.34242648
  m_MaxParticleSize: 0.15757358
  UV Animation:
    x Tile: 1
    y Tile: 1
    cycles: 1
--- !u!33 &33000011267861744
MeshFilter:
  m_ObjectHideFlags: 1
  m_PrefabParentObject: {fileID: 0}
  m_PrefabInternal: {fileID: 100100000}
  m_GameObject: {fileID: 1000010264365566}
  m_Mesh: {fileID: 10209, guid: 0000000000000000e000000000000000, type: 0}
--- !u!33 &33000012935844140
MeshFilter:
  m_ObjectHideFlags: 1
  m_PrefabParentObject: {fileID: 0}
  m_PrefabInternal: {fileID: 100100000}
  m_GameObject: {fileID: 1000013744080612}
  m_Mesh: {fileID: 4300000, guid: 5d72ec0a69aa44a4c891199259784bc4, type: 3}
--- !u!33 &33000013506422234
MeshFilter:
  m_ObjectHideFlags: 1
  m_PrefabParentObject: {fileID: 0}
  m_PrefabInternal: {fileID: 100100000}
  m_GameObject: {fileID: 1000010777389378}
  m_Mesh: {fileID: 4300000, guid: 5d72ec0a69aa44a4c891199259784bc4, type: 3}
--- !u!33 &33000013582975632
MeshFilter:
  m_ObjectHideFlags: 1
  m_PrefabParentObject: {fileID: 0}
  m_PrefabInternal: {fileID: 100100000}
  m_GameObject: {fileID: 1000012660587506}
  m_Mesh: {fileID: 10209, guid: 0000000000000000e000000000000000, type: 0}
--- !u!64 &64000012538251808
MeshCollider:
  m_ObjectHideFlags: 1
  m_PrefabParentObject: {fileID: 0}
  m_PrefabInternal: {fileID: 100100000}
  m_GameObject: {fileID: 1000010264365566}
  m_Material: {fileID: 0}
  m_IsTrigger: 0
  m_Enabled: 1
  serializedVersion: 2
  m_Convex: 0
  m_Mesh: {fileID: 10209, guid: 0000000000000000e000000000000000, type: 0}
--- !u!64 &64000014119560246
MeshCollider:
  m_ObjectHideFlags: 1
  m_PrefabParentObject: {fileID: 0}
  m_PrefabInternal: {fileID: 100100000}
  m_GameObject: {fileID: 1000012660587506}
  m_Material: {fileID: 13400000, guid: ba92fb44336020f40bdf294bb66bc9da, type: 2}
  m_IsTrigger: 0
  m_Enabled: 1
  serializedVersion: 2
  m_Convex: 0
  m_Mesh: {fileID: 10209, guid: 0000000000000000e000000000000000, type: 0}
--- !u!111 &111000010495547058
Animation:
  m_ObjectHideFlags: 1
  m_PrefabParentObject: {fileID: 0}
  m_PrefabInternal: {fileID: 100100000}
  m_GameObject: {fileID: 1000010777389378}
  m_Enabled: 1
  serializedVersion: 3
  m_Animation: {fileID: 0}
  m_Animations: []
  m_WrapMode: 0
  m_PlayAutomatically: 1
  m_AnimatePhysics: 0
  m_CullingType: 0
--- !u!111 &111000011414010140
Animation:
  m_ObjectHideFlags: 1
  m_PrefabParentObject: {fileID: 0}
  m_PrefabInternal: {fileID: 100100000}
  m_GameObject: {fileID: 1000013744080612}
  m_Enabled: 1
  serializedVersion: 3
  m_Animation: {fileID: 0}
  m_Animations: []
  m_WrapMode: 0
  m_PlayAutomatically: 1
  m_AnimatePhysics: 0
  m_CullingType: 0
--- !u!114 &114000010468847642
MonoBehaviour:
  m_ObjectHideFlags: 1
  m_PrefabParentObject: {fileID: 0}
  m_PrefabInternal: {fileID: 100100000}
  m_GameObject: {fileID: 1000010264365566}
  m_Enabled: 1
  m_EditorHideFlags: 0
  m_Script: {fileID: 11500000, guid: 3cf652f76630e19438c4c1f02da3ebe2, type: 3}
  m_Name: 
  m_EditorClassIdentifier: 
  scrollSpeed_X: 0
  scrollSpeed_Y: 0.7
--- !u!114 &114000012212067744
MonoBehaviour:
  m_ObjectHideFlags: 1
  m_PrefabParentObject: {fileID: 0}
  m_PrefabInternal: {fileID: 100100000}
  m_GameObject: {fileID: 1000010777389378}
  m_Enabled: 1
  m_EditorHideFlags: 0
  m_Script: {fileID: 11500000, guid: 3cf652f76630e19438c4c1f02da3ebe2, type: 3}
  m_Name: 
  m_EditorClassIdentifier: 
  scrollSpeed_X: 0
  scrollSpeed_Y: 0.3
--- !u!114 &114000013570361136
MonoBehaviour:
  m_ObjectHideFlags: 1
  m_PrefabParentObject: {fileID: 0}
  m_PrefabInternal: {fileID: 100100000}
  m_GameObject: {fileID: 1000013744080612}
  m_Enabled: 1
  m_EditorHideFlags: 0
  m_Script: {fileID: 11500000, guid: 3cf652f76630e19438c4c1f02da3ebe2, type: 3}
  m_Name: 
  m_EditorClassIdentifier: 
  scrollSpeed_X: 0
  scrollSpeed_Y: 0.35
--- !u!114 &114000013628027504
MonoBehaviour:
  m_ObjectHideFlags: 1
  m_PrefabParentObject: {fileID: 0}
  m_PrefabInternal: {fileID: 100100000}
  m_GameObject: {fileID: 1000013965282498}
  m_Enabled: 1
  m_EditorHideFlags: 0
  m_Script: {fileID: 11500000, guid: ded09a9123f90834fab4640c9229f078, type: 3}
  m_Name: 
  m_EditorClassIdentifier: 
  preset:
    brushSize: 30.723726
    brushFallof: 0.6
    brushSpacing: 0.15
    downscale: 1
    blur: 0.1
    isErosion: 0
    noise_seed: 12345
    noise_amount: 20
    noise_size: 588.9243
    noise_detail: 0.55
    noise_uplift: 0.6
    noise_ruffle: 1
    erosion_iterations: 3
    erosion_durability: 0.9
    erosion_fluidityIterations: 3
    erosion_amount: 1
    sediment_amount: 0.8
    wind_amount: 0.75
    erosion_smooth: 0.15
    foreground:
      apply: 0
      opacity: 1
      num: 0
    background:
      apply: 0
      opacity: 1
      num: 0
    name: 
    saveBrushSize: 0
    saveBrushParams: 0
    saveErosionNoiseParams: 0
    saveSplatParams: 0
  presets: []
  guiSelectedPreset: 0
  paint: 0
  wasPaint: 0
  moveDown: 0
  moveTfm: {fileID: 0}
  gen: 0
  undo: 0
  guiApplyIterations: 1
  guiChannels: 
  guiChannelNames: []
  guiBrushColor: {r: 1, g: 0.7, b: 0.3, a: 1}
  guiBrushThickness: 4
  guiBrushNumCorners: 32
  recordUndo: 1
  unity5positioning: 0
  focusOnBrush: 1
  preserveDetail: 1
  guiShowPreset: 1
  guiShowBrush: 1
  guiShowGenerator: 1
  guiShowTextures: 1
  guiShowGlobal: 0
  guiShowSettings: 0
  guiShowAbout: 0
  guiMaxBrushSize: 100
  guiSelectPresetsUsingNumkeys: 1
  allowUndo: 1
--- !u!154 &154000013991293708
TerrainCollider:
  m_ObjectHideFlags: 1
  m_PrefabParentObject: {fileID: 0}
  m_PrefabInternal: {fileID: 100100000}
  m_GameObject: {fileID: 1000013965282498}
  m_Material: {fileID: 0}
  m_Enabled: 1
  m_TerrainData: {fileID: 15600000, guid: b4afddee4a6204f2482e9c9fc5685e39, type: 2}
  m_EnableTreeColliders: 1
--- !u!218 &218000011272427646
Terrain:
  m_ObjectHideFlags: 1
  m_PrefabParentObject: {fileID: 0}
  m_PrefabInternal: {fileID: 100100000}
  m_GameObject: {fileID: 1000013965282498}
  m_Enabled: 1
  serializedVersion: 3
  m_TerrainData: {fileID: 15600000, guid: b4afddee4a6204f2482e9c9fc5685e39, type: 2}
  m_TreeDistance: 2000
  m_TreeBillboardDistance: 50
  m_TreeCrossFadeLength: 5
  m_TreeMaximumFullLODCount: 50
  m_DetailObjectDistance: 80
  m_DetailObjectDensity: 1
  m_HeightmapPixelError: 5
  m_SplatMapDistance: 1000
  m_HeightmapMaximumLOD: 0
  m_CastShadows: 1
  m_DrawHeightmap: 1
  m_DrawTreesAndFoliage: 1
  m_ReflectionProbeUsage: 1
  m_MaterialType: 0
  m_LegacySpecular:
    serializedVersion: 2
    rgba: 4286545791
  m_LegacyShininess: 0.078125
  m_MaterialTemplate: {fileID: 0}
  m_BakeLightProbesForTrees: 1
  m_ScaleInLightmap: 0.0512
  m_LightmapParameters: {fileID: 15203, guid: 0000000000000000f000000000000000, type: 0}
